@article{karakovskiy2012mario,
  title={The mario ai benchmark and competitions},
  author={Karakovskiy, Sergey and Togelius, Julian},
  journal={IEEE Transactions on Computational Intelligence and AI in Games},
  volume={4},
  number={1},
  pages={55--67},
  year={2012},
  publisher={IEEE}
}

@article{stanley2002evolving,
  title={Evolving neural networks through augmenting topologies},
  author={Stanley, Kenneth O and Miikkulainen, Risto},
  journal={Evolutionary computation},
  volume={10},
  number={2},
  pages={99--127},
  year={2002},
  publisher={MIT Press}
}

@inproceedings{lim2010evolving,
  title={Evolving behaviour trees for the commercial game DEFCON},
  author={Lim, Chong-U and Baumgarten, Robin and Colton, Simon},
  booktitle={European Conference on the Applications of Evolutionary Computation},
  pages={100--110},
  year={2010},
  organization={Springer}
}

@inproceedings{hara2013neuroevolution,
  title={Neuroevolution by particle swarm optimization with adaptive input selection for controlling platform-game agent},
  author={Hara, Akira and Kushida, Jun-ichi and Kitao, Koji and Takahama, Tetsuyuki},
  booktitle={Systems, Man, and Cybernetics (SMC), 2013 IEEE International Conference on},
  pages={2504--2509},
  year={2013},
  organization={IEEE}
}

@inproceedings{eberhart1995new,
  title={A new optimizer using particle swarm theory},
  author={Eberhart, Russell and Kennedy, James},
  booktitle={Micro Machine and Human Science, 1995. MHS'95., Proceedings of the Sixth International Symposium on},
  pages={39--43},
  year={1995},
  organization={IEEE}
}

@inproceedings{adhikari2013pso,
  title={PSO based Neural Networks vs. traditional statistical models for seasonal time series forecasting},
  author={Adhikari, Ratnadip and Agrawal, RK and Kant, Laxmi},
  booktitle={Advance Computing Conference (IACC), 2013 IEEE 3rd International},
  pages={719--725},
  year={2013},
  organization={IEEE}
}

